[gd_resource type="Resource" load_steps=151 format=2]

[ext_resource path="res://Code/Game/Resources/PortraitPartSet.gd" type="Script" id=1]
[ext_resource path="res://Resources/PortraitTemplates/SmallHead.scn" type="PackedScene" id=2]
[ext_resource path="res://Resources/PortraitTemplates/Background.scn" type="PackedScene" id=3]
[ext_resource path="res://Resources/PortraitTemplates/RegularHead.scn" type="PackedScene" id=4]
[ext_resource path="res://Code/Game/Resources/PortraitResource.gd" type="Script" id=5]
[ext_resource path="res://Assets/Portraits/bitch_hairback.png" type="Texture" id=6]
[ext_resource path="res://Assets/Portraits/bitch_mouth.png" type="Texture" id=7]
[ext_resource path="res://Assets/Portraits/bitch_head.png" type="Texture" id=8]
[ext_resource path="res://Assets/Portraits/delivery_body.png" type="Texture" id=9]
[ext_resource path="res://Assets/Portraits/bitch_nose.png" type="Texture" id=10]
[ext_resource path="res://Assets/Portraits/delivery_head.png" type="Texture" id=11]
[ext_resource path="res://Assets/Portraits/delivery_bodyback.png" type="Texture" id=12]
[ext_resource path="res://Assets/Portraits/bitch_hair.png" type="Texture" id=13]
[ext_resource path="res://Assets/Portraits/bitch_earr.png" type="Texture" id=14]
[ext_resource path="res://Assets/Portraits/bitch_eyel.png" type="Texture" id=15]
[ext_resource path="res://Assets/Portraits/bitch_earl.png" type="Texture" id=16]
[ext_resource path="res://Assets/Portraits/bitch_eyer.png" type="Texture" id=17]
[ext_resource path="res://Assets/Portraits/enforcer_mouth.png" type="Texture" id=18]
[ext_resource path="res://Assets/Portraits/enforcer_bodyback.png" type="Texture" id=19]
[ext_resource path="res://Assets/Portraits/enforcer_badge.png" type="Texture" id=20]
[ext_resource path="res://Assets/Portraits/enforcer_eyel.png" type="Texture" id=21]
[ext_resource path="res://Assets/Portraits/enforcer_head.png" type="Texture" id=22]
[ext_resource path="res://Assets/Portraits/enforcer_earl.png" type="Texture" id=23]
[ext_resource path="res://Assets/Portraits/enforcer_earr.png" type="Texture" id=24]
[ext_resource path="res://Assets/Portraits/enforcerbadge_logo.png" type="Texture" id=25]
[ext_resource path="res://Assets/Portraits/enforcer_body.png" type="Texture" id=26]
[ext_resource path="res://Assets/Portraits/enforcer_eyer.png" type="Texture" id=27]
[ext_resource path="res://Assets/Portraits/mortis_eyel.png" type="Texture" id=28]
[ext_resource path="res://Assets/Portraits/mortis_eyer.png" type="Texture" id=29]
[ext_resource path="res://Assets/Portraits/horsemen_logo.png" type="Texture" id=30]
[ext_resource path="res://Assets/Portraits/enforcer_nose.png" type="Texture" id=31]
[ext_resource path="res://Assets/Portraits/mortis_earr.png" type="Texture" id=32]
[ext_resource path="res://Assets/Portraits/mortis_nose.png" type="Texture" id=33]
[ext_resource path="res://Assets/Portraits/mortis_head.png" type="Texture" id=34]
[ext_resource path="res://Assets/Portraits/mortis_accessory.png" type="Texture" id=35]
[ext_resource path="res://Assets/Portraits/mortis_earl.png" type="Texture" id=36]
[ext_resource path="res://Assets/Portraits/pomene_hairback.png" type="Texture" id=37]
[ext_resource path="res://Assets/Portraits/pomene_body.png" type="Texture" id=38]
[ext_resource path="res://Assets/Portraits/pomene_bodyback.png" type="Texture" id=39]
[ext_resource path="res://Assets/Portraits/mugshot_background.png" type="Texture" id=40]
[ext_resource path="res://Assets/Portraits/pomene_earr.png" type="Texture" id=41]
[ext_resource path="res://Assets/Portraits/pomene_eyel.png" type="Texture" id=42]
[ext_resource path="res://Assets/Portraits/pomene_eyer.png" type="Texture" id=43]
[ext_resource path="res://Assets/Portraits/pomene_hair.png" type="Texture" id=44]
[ext_resource path="res://Assets/Portraits/pomene_accessory.png" type="Texture" id=45]
[ext_resource path="res://Assets/Portraits/pomene_earl.png" type="Texture" id=46]
[ext_resource path="res://Assets/Portraits/portrait_earr.png" type="Texture" id=47]
[ext_resource path="res://Assets/Portraits/portrait_eyel.png" type="Texture" id=48]
[ext_resource path="res://Assets/Portraits/portrait_body.png" type="Texture" id=49]
[ext_resource path="res://Assets/Portraits/pomene_hat.png" type="Texture" id=50]
[ext_resource path="res://Assets/Portraits/pomene_head.png" type="Texture" id=51]
[ext_resource path="res://Assets/Portraits/portrait_earl.png" type="Texture" id=52]
[ext_resource path="res://Assets/Portraits/pomene_mouth.png" type="Texture" id=53]
[ext_resource path="res://Assets/Portraits/pomene_nose.png" type="Texture" id=54]
[ext_resource path="res://Assets/Portraits/pycbouh_hat.png" type="Texture" id=55]
[ext_resource path="res://Assets/Portraits/pycbouh_eyer.png" type="Texture" id=56]
[ext_resource path="res://Assets/Portraits/portrait_nose.png" type="Texture" id=57]
[ext_resource path="res://Assets/Portraits/pycbouh_accessory.png" type="Texture" id=58]
[ext_resource path="res://Assets/Portraits/pycbouh_mouth.png" type="Texture" id=59]
[ext_resource path="res://Assets/Portraits/portrait_eyer.png" type="Texture" id=60]
[ext_resource path="res://Assets/Portraits/portrait_mouth.png" type="Texture" id=61]
[ext_resource path="res://Assets/Portraits/pycbouh_eyel.png" type="Texture" id=62]
[ext_resource path="res://Assets/Portraits/pycbouh_hair.png" type="Texture" id=63]
[ext_resource path="res://Assets/Portraits/portrait_head.png" type="Texture" id=64]
[ext_resource path="res://Assets/Portraits/portrait_hair.png" type="Texture" id=65]
[ext_resource path="res://Assets/Portraits/skinner_logo.png" type="Texture" id=66]
[ext_resource path="res://Assets/Portraits/zero_earr.png" type="Texture" id=67]
[ext_resource path="res://Assets/Portraits/zero_body.png" type="Texture" id=68]
[ext_resource path="res://Assets/Portraits/zero_bodyback.png" type="Texture" id=69]
[ext_resource path="res://Assets/Portraits/zero_eyer.png" type="Texture" id=70]
[ext_resource path="res://Assets/Portraits/zero_badge.png" type="Texture" id=71]
[ext_resource path="res://Assets/Portraits/zero_eyel.png" type="Texture" id=72]
[ext_resource path="res://Assets/Portraits/zero_earl.png" type="Texture" id=73]
[ext_resource path="res://Assets/Portraits/zero_head.png" type="Texture" id=74]
[ext_resource path="res://Assets/Portraits/pycbouh_nose.png" type="Texture" id=75]
[ext_resource path="res://Assets/Portraits/zero_nose.png" type="Texture" id=76]
[ext_resource path="res://Assets/Portraits/zero_mouth.png" type="Texture" id=77]
[ext_resource path="res://Resources/PortraitTemplates/LargeHead.scn" type="PackedScene" id=78]

[sub_resource type="Resource" id=1]
resource_name = "bitch_earr"
script = ExtResource( 5 )
PartFlag = 64
MandatoryPartsFlags = 0
DisabledPartsFlags = 0
PartTexture = ExtResource( 14 )
PartIndex = 1
PartEnabled = true
PartZOffset = 0

[sub_resource type="Resource" id=2]
resource_name = "bitch_earl"
script = ExtResource( 5 )
PartFlag = 32
MandatoryPartsFlags = 0
DisabledPartsFlags = 0
PartTexture = ExtResource( 16 )
OppositePart = SubResource( 1 )
PartIndex = 0
PartEnabled = true
PartZOffset = 0

[sub_resource type="Resource" id=3]
resource_name = "bitch_eyer"
script = ExtResource( 5 )
PartFlag = 16
MandatoryPartsFlags = 0
DisabledPartsFlags = 0
PartTexture = ExtResource( 17 )
PartIndex = 3
PartEnabled = true
PartZOffset = 0

[sub_resource type="Resource" id=4]
resource_name = "bitch_eyel"
script = ExtResource( 5 )
PartFlag = 8
MandatoryPartsFlags = 0
DisabledPartsFlags = 0
PartTexture = ExtResource( 15 )
OppositePart = SubResource( 3 )
PartIndex = 2
PartEnabled = true
PartZOffset = 0

[sub_resource type="Resource" id=5]
resource_name = "bitch_hairback"
script = ExtResource( 5 )
PartFlag = 16384
MandatoryPartsFlags = 0
DisabledPartsFlags = 0
PartTexture = ExtResource( 6 )
PartIndex = 5
PartEnabled = true
PartZOffset = 0

[sub_resource type="Resource" id=6]
resource_name = "bitch_hair"
script = ExtResource( 5 )
PartFlag = 512
MandatoryPartsFlags = 0
DisabledPartsFlags = 0
PartTexture = ExtResource( 13 )
OppositePart = SubResource( 5 )
PartIndex = 4
PartEnabled = true
PartZOffset = 0

[sub_resource type="Resource" id=7]
resource_name = "bitch_head"
script = ExtResource( 5 )
PartFlag = 4
MandatoryPartsFlags = 506
DisabledPartsFlags = 0
PartTexture = ExtResource( 8 )
PartScene = ExtResource( 2 )
PartIndex = 6
PartEnabled = true
PartZOffset = 0

[sub_resource type="Resource" id=8]
resource_name = "bitch_mouth"
script = ExtResource( 5 )
PartFlag = 256
MandatoryPartsFlags = 0
DisabledPartsFlags = 0
PartTexture = ExtResource( 7 )
PartIndex = 7
PartEnabled = true
PartZOffset = 0

[sub_resource type="Resource" id=9]
resource_name = "bitch_nose"
script = ExtResource( 5 )
PartFlag = 128
MandatoryPartsFlags = 0
DisabledPartsFlags = 0
PartTexture = ExtResource( 10 )
PartIndex = 8
PartEnabled = true
PartZOffset = 0

[sub_resource type="Resource" id=10]
resource_name = "delivery_bodyback"
script = ExtResource( 5 )
PartFlag = 2048
MandatoryPartsFlags = 1024
DisabledPartsFlags = 0
PartTexture = ExtResource( 12 )
PartIndex = 10
PartEnabled = true
PartZOffset = 0

[sub_resource type="Resource" id=11]
resource_name = "delivery_body"
script = ExtResource( 5 )
PartFlag = 1024
MandatoryPartsFlags = 0
DisabledPartsFlags = 0
PartTexture = ExtResource( 9 )
OppositePart = SubResource( 10 )
PartIndex = 9
PartEnabled = true
PartZOffset = 0

[sub_resource type="Resource" id=12]
resource_name = "delivery_head"
script = ExtResource( 5 )
PartFlag = 4
MandatoryPartsFlags = 2
DisabledPartsFlags = 62456
PartTexture = ExtResource( 11 )
PartScene = ExtResource( 4 )
PartIndex = 11
PartEnabled = true
PartZOffset = 0

[sub_resource type="Resource" id=13]
resource_name = "enforcerbadge_logo"
script = ExtResource( 5 )
PartFlag = 2
MandatoryPartsFlags = 4096
DisabledPartsFlags = 0
PartTexture = ExtResource( 25 )
PartIndex = 12
PartEnabled = true
PartZOffset = 0

[sub_resource type="Resource" id=14]
resource_name = "enforcer_badge"
script = ExtResource( 5 )
PartFlag = 4096
MandatoryPartsFlags = 0
DisabledPartsFlags = 0
PartTexture = ExtResource( 20 )
PartIndex = 13
PartEnabled = true
PartZOffset = 0

[sub_resource type="Resource" id=15]
resource_name = "enforcer_bodyback"
script = ExtResource( 5 )
PartFlag = 2048
MandatoryPartsFlags = 1024
DisabledPartsFlags = 0
PartTexture = ExtResource( 19 )
PartIndex = 15
PartEnabled = true
PartZOffset = 0

[sub_resource type="Resource" id=16]
resource_name = "enforcer_body"
script = ExtResource( 5 )
PartFlag = 1024
MandatoryPartsFlags = 0
DisabledPartsFlags = 0
PartTexture = ExtResource( 26 )
OppositePart = SubResource( 15 )
PartIndex = 14
PartEnabled = true
PartZOffset = 0

[sub_resource type="Resource" id=17]
resource_name = "enforcer_earr"
script = ExtResource( 5 )
PartFlag = 64
MandatoryPartsFlags = 0
DisabledPartsFlags = 0
PartTexture = ExtResource( 24 )
PartIndex = 17
PartEnabled = true
PartZOffset = 0

[sub_resource type="Resource" id=18]
resource_name = "enforcer_earl"
script = ExtResource( 5 )
PartFlag = 32
MandatoryPartsFlags = 0
DisabledPartsFlags = 0
PartTexture = ExtResource( 23 )
OppositePart = SubResource( 17 )
PartIndex = 16
PartEnabled = true
PartZOffset = 0

[sub_resource type="Resource" id=19]
resource_name = "enforcer_eyer"
script = ExtResource( 5 )
PartFlag = 16
MandatoryPartsFlags = 0
DisabledPartsFlags = 0
PartTexture = ExtResource( 27 )
PartIndex = 19
PartEnabled = true
PartZOffset = 0

[sub_resource type="Resource" id=20]
resource_name = "enforcer_eyel"
script = ExtResource( 5 )
PartFlag = 8
MandatoryPartsFlags = 0
DisabledPartsFlags = 0
PartTexture = ExtResource( 21 )
OppositePart = SubResource( 19 )
PartIndex = 18
PartEnabled = true
PartZOffset = 0

[sub_resource type="Resource" id=21]
resource_name = "enforcer_head"
script = ExtResource( 5 )
PartFlag = 4
MandatoryPartsFlags = 506
DisabledPartsFlags = 0
PartTexture = ExtResource( 22 )
PartScene = ExtResource( 78 )
PartIndex = 20
PartEnabled = true
PartZOffset = 0

[sub_resource type="Resource" id=22]
resource_name = "enforcer_mouth"
script = ExtResource( 5 )
PartFlag = 256
MandatoryPartsFlags = 0
DisabledPartsFlags = 0
PartTexture = ExtResource( 18 )
PartIndex = 21
PartEnabled = true
PartZOffset = 0

[sub_resource type="Resource" id=23]
resource_name = "enforcer_nose"
script = ExtResource( 5 )
PartFlag = 128
MandatoryPartsFlags = 0
DisabledPartsFlags = 0
PartTexture = ExtResource( 31 )
PartIndex = 22
PartEnabled = true
PartZOffset = 0

[sub_resource type="Resource" id=24]
resource_name = "horsemen_logo"
script = ExtResource( 5 )
PartFlag = 2
MandatoryPartsFlags = 0
DisabledPartsFlags = 4096
PartTexture = ExtResource( 30 )
PartIndex = 23
PartEnabled = true
PartZOffset = 0

[sub_resource type="Resource" id=25]
resource_name = "mortis_accessory"
script = ExtResource( 5 )
PartFlag = 8192
MandatoryPartsFlags = 0
DisabledPartsFlags = 0
PartTexture = ExtResource( 35 )
PartIndex = 24
PartEnabled = true
PartZOffset = 0

[sub_resource type="Resource" id=26]
resource_name = "mortis_earr"
script = ExtResource( 5 )
PartFlag = 64
MandatoryPartsFlags = 0
DisabledPartsFlags = 0
PartTexture = ExtResource( 32 )
PartIndex = 26
PartEnabled = true
PartZOffset = 0

[sub_resource type="Resource" id=27]
resource_name = "mortis_earl"
script = ExtResource( 5 )
PartFlag = 32
MandatoryPartsFlags = 0
DisabledPartsFlags = 0
PartTexture = ExtResource( 36 )
OppositePart = SubResource( 26 )
PartIndex = 25
PartEnabled = true
PartZOffset = 0

[sub_resource type="Resource" id=28]
resource_name = "mortis_eyer"
script = ExtResource( 5 )
PartFlag = 16
MandatoryPartsFlags = 0
DisabledPartsFlags = 0
PartTexture = ExtResource( 29 )
PartIndex = 28
PartEnabled = true
PartZOffset = 0

[sub_resource type="Resource" id=29]
resource_name = "mortis_eyel"
script = ExtResource( 5 )
PartFlag = 8
MandatoryPartsFlags = 0
DisabledPartsFlags = 0
PartTexture = ExtResource( 28 )
OppositePart = SubResource( 28 )
PartIndex = 27
PartEnabled = true
PartZOffset = 0

[sub_resource type="Resource" id=30]
resource_name = "mortis_head"
script = ExtResource( 5 )
PartFlag = 4
MandatoryPartsFlags = 506
DisabledPartsFlags = 0
PartTexture = ExtResource( 34 )
PartScene = ExtResource( 4 )
OppositePart = SubResource( 27 )
PartIndex = 29
PartEnabled = true
PartZOffset = 0

[sub_resource type="Resource" id=31]
resource_name = "mortis_nose"
script = ExtResource( 5 )
PartFlag = 128
MandatoryPartsFlags = 0
DisabledPartsFlags = 0
PartTexture = ExtResource( 33 )
PartIndex = 30
PartEnabled = true
PartZOffset = 0

[sub_resource type="Resource" id=32]
resource_name = "mugshot_background"
script = ExtResource( 5 )
PartFlag = 1
MandatoryPartsFlags = 4
DisabledPartsFlags = 0
PartTexture = ExtResource( 40 )
PartScene = ExtResource( 3 )
PartIndex = 31
PartEnabled = true
PartZOffset = 0

[sub_resource type="Resource" id=33]
resource_name = "pomene_accessory"
script = ExtResource( 5 )
PartFlag = 8192
MandatoryPartsFlags = 0
DisabledPartsFlags = 0
PartTexture = ExtResource( 45 )
PartIndex = 32
PartEnabled = true
PartZOffset = 0

[sub_resource type="Resource" id=34]
resource_name = "pomene_bodyback"
script = ExtResource( 5 )
PartFlag = 2048
MandatoryPartsFlags = 1024
DisabledPartsFlags = 0
PartTexture = ExtResource( 39 )
PartIndex = 34
PartEnabled = true
PartZOffset = 0

[sub_resource type="Resource" id=35]
resource_name = "pomene_body"
script = ExtResource( 5 )
PartFlag = 1024
MandatoryPartsFlags = 0
DisabledPartsFlags = 0
PartTexture = ExtResource( 38 )
OppositePart = SubResource( 34 )
PartIndex = 33
PartEnabled = true
PartZOffset = 0

[sub_resource type="Resource" id=36]
resource_name = "pomene_earr"
script = ExtResource( 5 )
PartFlag = 64
MandatoryPartsFlags = 0
DisabledPartsFlags = 0
PartTexture = ExtResource( 41 )
PartIndex = 36
PartEnabled = true
PartZOffset = 0

[sub_resource type="Resource" id=37]
resource_name = "pomene_earl"
script = ExtResource( 5 )
PartFlag = 32
MandatoryPartsFlags = 0
DisabledPartsFlags = 0
PartTexture = ExtResource( 46 )
OppositePart = SubResource( 36 )
PartIndex = 35
PartEnabled = true
PartZOffset = 0

[sub_resource type="Resource" id=38]
resource_name = "pomene_eyer"
script = ExtResource( 5 )
PartFlag = 16
MandatoryPartsFlags = 0
DisabledPartsFlags = 0
PartTexture = ExtResource( 43 )
PartIndex = 38
PartEnabled = true
PartZOffset = 0

[sub_resource type="Resource" id=39]
resource_name = "pomene_eyel"
script = ExtResource( 5 )
PartFlag = 8
MandatoryPartsFlags = 0
DisabledPartsFlags = 0
PartTexture = ExtResource( 42 )
OppositePart = SubResource( 38 )
PartIndex = 37
PartEnabled = true
PartZOffset = 0

[sub_resource type="Resource" id=40]
resource_name = "pomene_hairback"
script = ExtResource( 5 )
PartFlag = 16384
MandatoryPartsFlags = 0
DisabledPartsFlags = 0
PartTexture = ExtResource( 37 )
PartIndex = 40
PartEnabled = true
PartZOffset = 0

[sub_resource type="Resource" id=41]
resource_name = "pomene_hair"
script = ExtResource( 5 )
PartFlag = 512
MandatoryPartsFlags = 0
DisabledPartsFlags = 0
PartTexture = ExtResource( 44 )
OppositePart = SubResource( 40 )
PartIndex = 39
PartEnabled = true
PartZOffset = 0

[sub_resource type="Resource" id=42]
resource_name = "pomene_hat"
script = ExtResource( 5 )
PartFlag = 32768
MandatoryPartsFlags = 0
DisabledPartsFlags = 0
PartTexture = ExtResource( 50 )
PartIndex = 41
PartEnabled = true
PartZOffset = 0

[sub_resource type="Resource" id=43]
resource_name = "pomene_head"
script = ExtResource( 5 )
PartFlag = 4
MandatoryPartsFlags = 506
DisabledPartsFlags = 0
PartTexture = ExtResource( 51 )
PartScene = ExtResource( 4 )
PartIndex = 42
PartEnabled = true
PartZOffset = 0

[sub_resource type="Resource" id=44]
resource_name = "pomene_mouth"
script = ExtResource( 5 )
PartFlag = 256
MandatoryPartsFlags = 0
DisabledPartsFlags = 0
PartTexture = ExtResource( 53 )
PartIndex = 43
PartEnabled = true
PartZOffset = 0

[sub_resource type="Resource" id=45]
resource_name = "pomene_nose"
script = ExtResource( 5 )
PartFlag = 128
MandatoryPartsFlags = 0
DisabledPartsFlags = 0
PartTexture = ExtResource( 54 )
PartIndex = 44
PartEnabled = true
PartZOffset = 0

[sub_resource type="Resource" id=46]
resource_name = "portrait_body"
script = ExtResource( 5 )
PartFlag = 1024
MandatoryPartsFlags = 0
DisabledPartsFlags = 0
PartTexture = ExtResource( 49 )
PartIndex = 45
PartEnabled = true
PartZOffset = 0

[sub_resource type="Resource" id=47]
resource_name = "portrait_earr"
script = ExtResource( 5 )
PartFlag = 64
MandatoryPartsFlags = 0
DisabledPartsFlags = 0
PartTexture = ExtResource( 47 )
PartIndex = 47
PartEnabled = true
PartZOffset = 0

[sub_resource type="Resource" id=48]
resource_name = "portrait_earl"
script = ExtResource( 5 )
PartFlag = 32
MandatoryPartsFlags = 0
DisabledPartsFlags = 0
PartTexture = ExtResource( 52 )
OppositePart = SubResource( 47 )
PartIndex = 46
PartEnabled = true
PartZOffset = 0

[sub_resource type="Resource" id=49]
resource_name = "portrait_eyer"
script = ExtResource( 5 )
PartFlag = 16
MandatoryPartsFlags = 0
DisabledPartsFlags = 0
PartTexture = ExtResource( 60 )
PartIndex = 49
PartEnabled = true
PartZOffset = 0

[sub_resource type="Resource" id=50]
resource_name = "portrait_eyel"
script = ExtResource( 5 )
PartFlag = 8
MandatoryPartsFlags = 0
DisabledPartsFlags = 0
PartTexture = ExtResource( 48 )
OppositePart = SubResource( 49 )
PartIndex = 48
PartEnabled = true
PartZOffset = 0

[sub_resource type="Resource" id=51]
resource_name = "portrait_hair"
script = ExtResource( 5 )
PartFlag = 512
MandatoryPartsFlags = 0
DisabledPartsFlags = 0
PartTexture = ExtResource( 65 )
PartIndex = 50
PartEnabled = true
PartZOffset = 0

[sub_resource type="Resource" id=52]
resource_name = "portrait_head"
script = ExtResource( 5 )
PartFlag = 4
MandatoryPartsFlags = 506
DisabledPartsFlags = 0
PartTexture = ExtResource( 64 )
PartScene = ExtResource( 4 )
PartIndex = 51
PartEnabled = true
PartZOffset = 0

[sub_resource type="Resource" id=53]
resource_name = "portrait_mouth"
script = ExtResource( 5 )
PartFlag = 256
MandatoryPartsFlags = 0
DisabledPartsFlags = 0
PartTexture = ExtResource( 61 )
PartIndex = 52
PartEnabled = true
PartZOffset = 0

[sub_resource type="Resource" id=54]
resource_name = "portrait_nose"
script = ExtResource( 5 )
PartFlag = 128
MandatoryPartsFlags = 0
DisabledPartsFlags = 0
PartTexture = ExtResource( 57 )
PartIndex = 53
PartEnabled = true
PartZOffset = 0

[sub_resource type="Resource" id=55]
resource_name = "pycbouh_accessory"
script = ExtResource( 5 )
PartFlag = 8192
MandatoryPartsFlags = 0
DisabledPartsFlags = 0
PartTexture = ExtResource( 58 )
PartIndex = 54
PartEnabled = true
PartZOffset = 0

[sub_resource type="Resource" id=56]
resource_name = "pycbouh_eyer"
script = ExtResource( 5 )
PartFlag = 16
MandatoryPartsFlags = 0
DisabledPartsFlags = 0
PartTexture = ExtResource( 56 )
PartIndex = 56
PartEnabled = true
PartZOffset = 0

[sub_resource type="Resource" id=57]
resource_name = "pycbouh_eyel"
script = ExtResource( 5 )
PartFlag = 8
MandatoryPartsFlags = 0
DisabledPartsFlags = 0
PartTexture = ExtResource( 62 )
OppositePart = SubResource( 56 )
PartIndex = 55
PartEnabled = true
PartZOffset = 0

[sub_resource type="Resource" id=58]
resource_name = "pycbouh_hair"
script = ExtResource( 5 )
PartFlag = 512
MandatoryPartsFlags = 0
DisabledPartsFlags = 0
PartTexture = ExtResource( 63 )
PartIndex = 57
PartEnabled = true
PartZOffset = 0

[sub_resource type="Resource" id=59]
resource_name = "pycbouh_hat"
script = ExtResource( 5 )
PartFlag = 32768
MandatoryPartsFlags = 0
DisabledPartsFlags = 16384
PartTexture = ExtResource( 55 )
PartIndex = 58
PartEnabled = true
PartZOffset = 0

[sub_resource type="Resource" id=60]
resource_name = "pycbouh_mouth"
script = ExtResource( 5 )
PartFlag = 256
MandatoryPartsFlags = 0
DisabledPartsFlags = 0
PartTexture = ExtResource( 59 )
PartIndex = 59
PartEnabled = true
PartZOffset = 0

[sub_resource type="Resource" id=61]
resource_name = "pycbouh_nose"
script = ExtResource( 5 )
PartFlag = 128
MandatoryPartsFlags = 0
DisabledPartsFlags = 0
PartTexture = ExtResource( 75 )
PartIndex = 60
PartEnabled = true
PartZOffset = 0

[sub_resource type="Resource" id=62]
resource_name = "skinner_logo"
script = ExtResource( 5 )
PartFlag = 2
MandatoryPartsFlags = 0
DisabledPartsFlags = 4096
PartTexture = ExtResource( 66 )
PartIndex = 61
PartEnabled = true
PartZOffset = 0

[sub_resource type="Resource" id=63]
resource_name = "zero_badge"
script = ExtResource( 5 )
PartFlag = 4096
MandatoryPartsFlags = 0
DisabledPartsFlags = 0
PartTexture = ExtResource( 71 )
PartIndex = 62
PartEnabled = true
PartZOffset = 0

[sub_resource type="Resource" id=64]
resource_name = "zero_bodyback"
script = ExtResource( 5 )
PartFlag = 2048
MandatoryPartsFlags = 1024
DisabledPartsFlags = 0
PartTexture = ExtResource( 69 )
PartIndex = 64
PartEnabled = true
PartZOffset = 0

[sub_resource type="Resource" id=65]
resource_name = "zero_body"
script = ExtResource( 5 )
PartFlag = 1024
MandatoryPartsFlags = 0
DisabledPartsFlags = 0
PartTexture = ExtResource( 68 )
OppositePart = SubResource( 64 )
PartIndex = 63
PartEnabled = true
PartZOffset = 0

[sub_resource type="Resource" id=66]
resource_name = "zero_earr"
script = ExtResource( 5 )
PartFlag = 64
MandatoryPartsFlags = 0
DisabledPartsFlags = 0
PartTexture = ExtResource( 67 )
PartIndex = 66
PartEnabled = true
PartZOffset = 0

[sub_resource type="Resource" id=67]
resource_name = "zero_earl"
script = ExtResource( 5 )
PartFlag = 32
MandatoryPartsFlags = 0
DisabledPartsFlags = 0
PartTexture = ExtResource( 73 )
OppositePart = SubResource( 66 )
PartIndex = 65
PartEnabled = true
PartZOffset = 0

[sub_resource type="Resource" id=68]
resource_name = "zero_eyer"
script = ExtResource( 5 )
PartFlag = 16
MandatoryPartsFlags = 0
DisabledPartsFlags = 0
PartTexture = ExtResource( 70 )
PartIndex = 68
PartEnabled = true
PartZOffset = 0

[sub_resource type="Resource" id=69]
resource_name = "zero_eyel"
script = ExtResource( 5 )
PartFlag = 8
MandatoryPartsFlags = 0
DisabledPartsFlags = 0
PartTexture = ExtResource( 72 )
OppositePart = SubResource( 68 )
PartIndex = 67
PartEnabled = true
PartZOffset = 0

[sub_resource type="Resource" id=70]
resource_name = "zero_head"
script = ExtResource( 5 )
PartFlag = 4
MandatoryPartsFlags = 506
DisabledPartsFlags = 0
PartTexture = ExtResource( 74 )
PartScene = ExtResource( 78 )
PartIndex = 69
PartEnabled = true
PartZOffset = 0

[sub_resource type="Resource" id=71]
resource_name = "zero_mouth"
script = ExtResource( 5 )
PartFlag = 256
MandatoryPartsFlags = 0
DisabledPartsFlags = 0
PartTexture = ExtResource( 77 )
PartIndex = 70
PartEnabled = true
PartZOffset = 0

[sub_resource type="Resource" id=72]
resource_name = "zero_nose"
script = ExtResource( 5 )
PartFlag = 128
MandatoryPartsFlags = 0
DisabledPartsFlags = 0
PartTexture = ExtResource( 76 )
PartIndex = 71
PartEnabled = true
PartZOffset = 0

[resource]
script = ExtResource( 1 )
PartSet = [ SubResource( 2 ), SubResource( 1 ), SubResource( 4 ), SubResource( 3 ), SubResource( 6 ), SubResource( 5 ), SubResource( 7 ), SubResource( 8 ), SubResource( 9 ), SubResource( 11 ), SubResource( 10 ), SubResource( 12 ), SubResource( 13 ), SubResource( 14 ), SubResource( 16 ), SubResource( 15 ), SubResource( 18 ), SubResource( 17 ), SubResource( 20 ), SubResource( 19 ), SubResource( 21 ), SubResource( 22 ), SubResource( 23 ), SubResource( 24 ), SubResource( 25 ), SubResource( 27 ), SubResource( 26 ), SubResource( 29 ), SubResource( 28 ), SubResource( 30 ), SubResource( 31 ), SubResource( 32 ), SubResource( 33 ), SubResource( 35 ), SubResource( 34 ), SubResource( 37 ), SubResource( 36 ), SubResource( 39 ), SubResource( 38 ), SubResource( 41 ), SubResource( 40 ), SubResource( 42 ), SubResource( 43 ), SubResource( 44 ), SubResource( 45 ), SubResource( 46 ), SubResource( 48 ), SubResource( 47 ), SubResource( 50 ), SubResource( 49 ), SubResource( 51 ), SubResource( 52 ), SubResource( 53 ), SubResource( 54 ), SubResource( 55 ), SubResource( 57 ), SubResource( 56 ), SubResource( 58 ), SubResource( 59 ), SubResource( 60 ), SubResource( 61 ), SubResource( 62 ), SubResource( 63 ), SubResource( 65 ), SubResource( 64 ), SubResource( 67 ), SubResource( 66 ), SubResource( 69 ), SubResource( 68 ), SubResource( 70 ), SubResource( 71 ), SubResource( 72 ) ]
NextID = 72
